<?xml version="1.0" encoding="UTF-8"?>
<SOAP-ENV:Envelope xmlns:SOAP-ENV="http://schemas.xmlsoap.org/soap/envelope/" xmlns:of="http://oss.dbc.dk/ns/openformat" xmlns:ofo="http://oss.dbc.dk/ns/openformatoutput"><SOAP-ENV:Body><of:formatResponse><marc21><mx:record xmlns:mx="http://www.loc.gov/MARC21/slim" format="MARC21" type="Bibliographic"><mx:leader>00000nam a22000000c 4500</mx:leader><mx:controlfield tag="008">000000d19932001dk |||||      00||| mul|d</mx:controlfield><mx:datafield ind1=" " ind2=" " tag="022"><mx:subfield code="a">1397-2286</mx:subfield></mx:datafield><mx:datafield ind1="1" ind2=" " tag="029"><mx:subfield code="a">DKDLA</mx:subfield><mx:subfield code="b">860840-basis:49216092</mx:subfield></mx:datafield><mx:datafield ind1=" " ind2=" " tag="040"><mx:subfield code="a">DKDLA</mx:subfield><mx:subfield code="b">dan</mx:subfield><mx:subfield code="c">DKDLA</mx:subfield></mx:datafield><mx:datafield ind1="0" ind2=" " tag="041"><mx:subfield code="a">mul</mx:subfield></mx:datafield><mx:datafield ind1=" " ind2=" " tag="084"><mx:subfield code="a">65.016</mx:subfield><mx:subfield code="2">z</mx:subfield></mx:datafield><mx:datafield ind1="0" ind2=" " tag="210"><mx:subfield code="a">Kompass, 1, Indeks Dan. ind. næringsliv. Prod./serv.</mx:subfield></mx:datafield><mx:datafield ind1=" " ind2="0" tag="222"><mx:subfield code="a">Kompass. Bind 1, Indeks over Danmarks industri og næringsliv, Produkter/service</mx:subfield></mx:datafield><mx:datafield ind1="1" ind2="0" tag="245"><mx:subfield code="a">Kompass=</mx:subfield><mx:subfield code="b">Kompass.</mx:subfield><mx:subfield code="n">Bind 1.</mx:subfield><mx:subfield code="p">Indeks over Danmarks industri og næringsliv, Produkter/service</mx:subfield></mx:datafield><mx:datafield ind1=" " ind2=" " tag="260"><mx:subfield code="a">Holte :</mx:subfield><mx:subfield code="b">Kompass-Danmark,</mx:subfield><mx:subfield code="c">[1993-2001]</mx:subfield></mx:datafield><mx:datafield ind1=" " ind2=" " tag="310"><mx:subfield code="a">Årlig</mx:subfield></mx:datafield></mx:record><hs activity="insert">DKDLA</hs><hs activity="insert">DKB</hs></marc21></of:formatResponse></SOAP-ENV:Body></SOAP-ENV:Envelope>
